% !Mode:: "TeX:UTF-8"
@article{maron2014hypertrophic,
  title={Hypertrophic cardiomyopathy: present and future, with translation into contemporary cardiovascular medicine},
  author={Maron, Barry J and Ommen, Steve R and Semsarian, Christopher and Spirito, Paolo and Olivotto, Iacopo and Maron, Martin S},
  journal={Journal of the American College of Cardiology},
  volume={64},
  number={1},
  pages={83--99},
  year={2014},
  publisher={Journal of the American College of Cardiology}
}
